%YAML 1.1
%TAG !u! tag:unity3d.com,2011:
--- !u!1 &7435119887271559550
GameObject:
  m_ObjectHideFlags: 0
  m_CorrespondingSourceObject: {fileID: 0}
  m_PrefabInstance: {fileID: 0}
  m_PrefabAsset: {fileID: 0}
  serializedVersion: 6
  m_Component:
  - component: {fileID: 7435119887271559551}
  - component: {fileID: 2322438460138985413}
  m_Layer: 7
  m_Name: _cross road
  m_TagString: Untagged
  m_Icon: {fileID: 0}
  m_NavMeshLayer: 0
  m_StaticEditorFlags: 0
  m_IsActive: 1
--- !u!4 &7435119887271559551
Transform:
  m_ObjectHideFlags: 0
  m_CorrespondingSourceObject: {fileID: 0}
  m_PrefabInstance: {fileID: 0}
  m_PrefabAsset: {fileID: 0}
  m_GameObject: {fileID: 7435119887271559550}
  m_LocalRotation: {x: 0, y: 0, z: 0, w: 1}
  m_LocalPosition: {x: 0, y: 0, z: 0}
  m_LocalScale: {x: 1, y: 1, z: 1}
  m_Children:
  - {fileID: 1401637906793802499}
  - {fileID: 7170155218119215459}
  - {fileID: 531521042300010830}
  - {fileID: 831476181169703789}
  m_Father: {fileID: 0}
  m_RootOrder: 0
  m_LocalEulerAnglesHint: {x: 0, y: 0, z: 0}
--- !u!64 &2322438460138985413
MeshCollider:
  m_ObjectHideFlags: 0
  m_CorrespondingSourceObject: {fileID: 0}
  m_PrefabInstance: {fileID: 0}
  m_PrefabAsset: {fileID: 0}
  m_GameObject: {fileID: 7435119887271559550}
  m_Material: {fileID: 13400000, guid: c2f8c4406746f8346b7a7ea6bb9b5df3, type: 2}
  m_IsTrigger: 0
  m_Enabled: 1
  serializedVersion: 4
  m_Convex: 0
  m_CookingOptions: 30
  m_Mesh: {fileID: 0}
--- !u!1001 &531521042300440940
PrefabInstance:
  m_ObjectHideFlags: 0
  serializedVersion: 2
  m_Modification:
    m_TransformParent: {fileID: 7435119887271559551}
    m_Modifications:
    - target: {fileID: 198642, guid: 3edf4e34e6ae07a4ab19711028713611, type: 3}
      propertyPath: m_Name
      value: sptp_road_segment_07 (3)
      objectReference: {fileID: 0}
    - target: {fileID: 430114, guid: 3edf4e34e6ae07a4ab19711028713611, type: 3}
      propertyPath: m_RootOrder
      value: 2
      objectReference: {fileID: 0}
    - target: {fileID: 430114, guid: 3edf4e34e6ae07a4ab19711028713611, type: 3}
      propertyPath: m_LocalScale.x
      value: 4
      objectReference: {fileID: 0}
    - target: {fileID: 430114, guid: 3edf4e34e6ae07a4ab19711028713611, type: 3}
      propertyPath: m_LocalScale.y
      value: 5
      objectReference: {fileID: 0}
    - target: {fileID: 430114, guid: 3edf4e34e6ae07a4ab19711028713611, type: 3}
      propertyPath: m_LocalScale.z
      value: 4
      objectReference: {fileID: 0}
    - target: {fileID: 430114, guid: 3edf4e34e6ae07a4ab19711028713611, type: 3}
      propertyPath: m_LocalPosition.x
      value: -50.905094
      objectReference: {fileID: 0}
    - target: {fileID: 430114, guid: 3edf4e34e6ae07a4ab19711028713611, type: 3}
      propertyPath: m_LocalPosition.y
      value: 172.6767
      objectReference: {fileID: 0}
    - target: {fileID: 430114, guid: 3edf4e34e6ae07a4ab19711028713611, type: 3}
      propertyPath: m_LocalPosition.z
      value: 125.55682
      objectReference: {fileID: 0}
    - target: {fileID: 430114, guid: 3edf4e34e6ae07a4ab19711028713611, type: 3}
      propertyPath: m_LocalRotation.w
      value: 0
      objectReference: {fileID: 0}
    - target: {fileID: 430114, guid: 3edf4e34e6ae07a4ab19711028713611, type: 3}
      propertyPath: m_LocalRotation.x
      value: -0
      objectReference: {fileID: 0}
    - target: {fileID: 430114, guid: 3edf4e34e6ae07a4ab19711028713611, type: 3}
      propertyPath: m_LocalRotation.y
      value: 1
      objectReference: {fileID: 0}
    - target: {fileID: 430114, guid: 3edf4e34e6ae07a4ab19711028713611, type: 3}
      propertyPath: m_LocalRotation.z
      value: -0
      objectReference: {fileID: 0}
    - target: {fileID: 430114, guid: 3edf4e34e6ae07a4ab19711028713611, type: 3}
      propertyPath: m_LocalEulerAnglesHint.x
      value: 0
      objectReference: {fileID: 0}
    - target: {fileID: 430114, guid: 3edf4e34e6ae07a4ab19711028713611, type: 3}
      propertyPath: m_LocalEulerAnglesHint.y
      value: 180
      objectReference: {fileID: 0}
    - target: {fileID: 430114, guid: 3edf4e34e6ae07a4ab19711028713611, type: 3}
      propertyPath: m_LocalEulerAnglesHint.z
      value: 0
      objectReference: {fileID: 0}
    - target: {fileID: 6412976, guid: 3edf4e34e6ae07a4ab19711028713611, type: 3}
      propertyPath: m_Material
      value: 
      objectReference: {fileID: 0}
    m_RemovedComponents: []
  m_SourcePrefab: {fileID: 100100000, guid: 3edf4e34e6ae07a4ab19711028713611, type: 3}
--- !u!4 &531521042300010830 stripped
Transform:
  m_CorrespondingSourceObject: {fileID: 430114, guid: 3edf4e34e6ae07a4ab19711028713611, type: 3}
  m_PrefabInstance: {fileID: 531521042300440940}
  m_PrefabAsset: {fileID: 0}
--- !u!1001 &831476181170068303
PrefabInstance:
  m_ObjectHideFlags: 0
  serializedVersion: 2
  m_Modification:
    m_TransformParent: {fileID: 7435119887271559551}
    m_Modifications:
    - target: {fileID: 198642, guid: 3edf4e34e6ae07a4ab19711028713611, type: 3}
      propertyPath: m_Name
      value: sptp_road_segment_07 (4)
      objectReference: {fileID: 0}
    - target: {fileID: 430114, guid: 3edf4e34e6ae07a4ab19711028713611, type: 3}
      propertyPath: m_RootOrder
      value: 3
      objectReference: {fileID: 0}
    - target: {fileID: 430114, guid: 3edf4e34e6ae07a4ab19711028713611, type: 3}
      propertyPath: m_LocalScale.x
      value: 4
      objectReference: {fileID: 0}
    - target: {fileID: 430114, guid: 3edf4e34e6ae07a4ab19711028713611, type: 3}
      propertyPath: m_LocalScale.y
      value: 5
      objectReference: {fileID: 0}
    - target: {fileID: 430114, guid: 3edf4e34e6ae07a4ab19711028713611, type: 3}
      propertyPath: m_LocalScale.z
      value: 4
      objectReference: {fileID: 0}
    - target: {fileID: 430114, guid: 3edf4e34e6ae07a4ab19711028713611, type: 3}
      propertyPath: m_LocalPosition.x
      value: -50.905094
      objectReference: {fileID: 0}
    - target: {fileID: 430114, guid: 3edf4e34e6ae07a4ab19711028713611, type: 3}
      propertyPath: m_LocalPosition.y
      value: 172.6767
      objectReference: {fileID: 0}
    - target: {fileID: 430114, guid: 3edf4e34e6ae07a4ab19711028713611, type: 3}
      propertyPath: m_LocalPosition.z
      value: 125.55682
      objectReference: {fileID: 0}
    - target: {fileID: 430114, guid: 3edf4e34e6ae07a4ab19711028713611, type: 3}
      propertyPath: m_LocalRotation.w
      value: 0.7071068
      objectReference: {fileID: 0}
    - target: {fileID: 430114, guid: 3edf4e34e6ae07a4ab19711028713611, type: 3}
      propertyPath: m_LocalRotation.x
      value: -0
      objectReference: {fileID: 0}
    - target: {fileID: 430114, guid: 3edf4e34e6ae07a4ab19711028713611, type: 3}
      propertyPath: m_LocalRotation.y
      value: -0.7071068
      objectReference: {fileID: 0}
    - target: {fileID: 430114, guid: 3edf4e34e6ae07a4ab19711028713611, type: 3}
      propertyPath: m_LocalRotation.z
      value: -0
      objectReference: {fileID: 0}
    - target: {fileID: 430114, guid: 3edf4e34e6ae07a4ab19711028713611, type: 3}
      propertyPath: m_LocalEulerAnglesHint.x
      value: 0
      objectReference: {fileID: 0}
    - target: {fileID: 430114, guid: 3edf4e34e6ae07a4ab19711028713611, type: 3}
      propertyPath: m_LocalEulerAnglesHint.y
      value: -90
      objectReference: {fileID: 0}
    - target: {fileID: 430114, guid: 3edf4e34e6ae07a4ab19711028713611, type: 3}
      propertyPath: m_LocalEulerAnglesHint.z
      value: 0
      objectReference: {fileID: 0}
    - target: {fileID: 6412976, guid: 3edf4e34e6ae07a4ab19711028713611, type: 3}
      propertyPath: m_Material
      value: 
      objectReference: {fileID: 0}
    m_RemovedComponents: []
  m_SourcePrefab: {fileID: 100100000, guid: 3edf4e34e6ae07a4ab19711028713611, type: 3}
--- !u!4 &831476181169703789 stripped
Transform:
  m_CorrespondingSourceObject: {fileID: 430114, guid: 3edf4e34e6ae07a4ab19711028713611, type: 3}
  m_PrefabInstance: {fileID: 831476181170068303}
  m_PrefabAsset: {fileID: 0}
--- !u!1001 &1401637906793904929
PrefabInstance:
  m_ObjectHideFlags: 0
  serializedVersion: 2
  m_Modification:
    m_TransformParent: {fileID: 7435119887271559551}
    m_Modifications:
    - target: {fileID: 198642, guid: 3edf4e34e6ae07a4ab19711028713611, type: 3}
      propertyPath: m_Name
      value: sptp_road_segment_07 (1)
      objectReference: {fileID: 0}
    - target: {fileID: 430114, guid: 3edf4e34e6ae07a4ab19711028713611, type: 3}
      propertyPath: m_RootOrder
      value: 0
      objectReference: {fileID: 0}
    - target: {fileID: 430114, guid: 3edf4e34e6ae07a4ab19711028713611, type: 3}
      propertyPath: m_LocalScale.x
      value: 4
      objectReference: {fileID: 0}
    - target: {fileID: 430114, guid: 3edf4e34e6ae07a4ab19711028713611, type: 3}
      propertyPath: m_LocalScale.y
      value: 5
      objectReference: {fileID: 0}
    - target: {fileID: 430114, guid: 3edf4e34e6ae07a4ab19711028713611, type: 3}
      propertyPath: m_LocalScale.z
      value: 4
      objectReference: {fileID: 0}
    - target: {fileID: 430114, guid: 3edf4e34e6ae07a4ab19711028713611, type: 3}
      propertyPath: m_LocalPosition.x
      value: -50.905094
      objectReference: {fileID: 0}
    - target: {fileID: 430114, guid: 3edf4e34e6ae07a4ab19711028713611, type: 3}
      propertyPath: m_LocalPosition.y
      value: 172.6767
      objectReference: {fileID: 0}
    - target: {fileID: 430114, guid: 3edf4e34e6ae07a4ab19711028713611, type: 3}
      propertyPath: m_LocalPosition.z
      value: 125.55682
      objectReference: {fileID: 0}
    - target: {fileID: 430114, guid: 3edf4e34e6ae07a4ab19711028713611, type: 3}
      propertyPath: m_LocalRotation.w
      value: 0.7071068
      objectReference: {fileID: 0}
    - target: {fileID: 430114, guid: 3edf4e34e6ae07a4ab19711028713611, type: 3}
      propertyPath: m_LocalRotation.x
      value: -0
      objectReference: {fileID: 0}
    - target: {fileID: 430114, guid: 3edf4e34e6ae07a4ab19711028713611, type: 3}
      propertyPath: m_LocalRotation.y
      value: 0.7071068
      objectReference: {fileID: 0}
    - target: {fileID: 430114, guid: 3edf4e34e6ae07a4ab19711028713611, type: 3}
      propertyPath: m_LocalRotation.z
      value: -0
      objectReference: {fileID: 0}
    - target: {fileID: 430114, guid: 3edf4e34e6ae07a4ab19711028713611, type: 3}
      propertyPath: m_LocalEulerAnglesHint.x
      value: 0
      objectReference: {fileID: 0}
    - target: {fileID: 430114, guid: 3edf4e34e6ae07a4ab19711028713611, type: 3}
      propertyPath: m_LocalEulerAnglesHint.y
      value: 90
      objectReference: {fileID: 0}
    - target: {fileID: 430114, guid: 3edf4e34e6ae07a4ab19711028713611, type: 3}
      propertyPath: m_LocalEulerAnglesHint.z
      value: 0
      objectReference: {fileID: 0}
    - target: {fileID: 6412976, guid: 3edf4e34e6ae07a4ab19711028713611, type: 3}
      propertyPath: m_Material
      value: 
      objectReference: {fileID: 0}
    m_RemovedComponents: []
  m_SourcePrefab: {fileID: 100100000, guid: 3edf4e34e6ae07a4ab19711028713611, type: 3}
--- !u!4 &1401637906793802499 stripped
Transform:
  m_CorrespondingSourceObject: {fileID: 430114, guid: 3edf4e34e6ae07a4ab19711028713611, type: 3}
  m_PrefabInstance: {fileID: 1401637906793904929}
  m_PrefabAsset: {fileID: 0}
--- !u!1001 &7170155218119579969
PrefabInstance:
  m_ObjectHideFlags: 0
  serializedVersion: 2
  m_Modification:
    m_TransformParent: {fileID: 7435119887271559551}
    m_Modifications:
    - target: {fileID: 198642, guid: 3edf4e34e6ae07a4ab19711028713611, type: 3}
      propertyPath: m_Name
      value: sptp_road_segment_07 (2)
      objectReference: {fileID: 0}
    - target: {fileID: 430114, guid: 3edf4e34e6ae07a4ab19711028713611, type: 3}
      propertyPath: m_RootOrder
      value: 1
      objectReference: {fileID: 0}
    - target: {fileID: 430114, guid: 3edf4e34e6ae07a4ab19711028713611, type: 3}
      propertyPath: m_LocalScale.x
      value: 4
      objectReference: {fileID: 0}
    - target: {fileID: 430114, guid: 3edf4e34e6ae07a4ab19711028713611, type: 3}
      propertyPath: m_LocalScale.y
      value: 5
      objectReference: {fileID: 0}
    - target: {fileID: 430114, guid: 3edf4e34e6ae07a4ab19711028713611, type: 3}
      propertyPath: m_LocalScale.z
      value: 4
      objectReference: {fileID: 0}
    - target: {fileID: 430114, guid: 3edf4e34e6ae07a4ab19711028713611, type: 3}
      propertyPath: m_LocalPosition.x
      value: -50.905094
      objectReference: {fileID: 0}
    - target: {fileID: 430114, guid: 3edf4e34e6ae07a4ab19711028713611, type: 3}
      propertyPath: m_LocalPosition.y
      value: 172.6767
      objectReference: {fileID: 0}
    - target: {fileID: 430114, guid: 3edf4e34e6ae07a4ab19711028713611, type: 3}
      propertyPath: m_LocalPosition.z
      value: 125.55682
      objectReference: {fileID: 0}
    - target: {fileID: 430114, guid: 3edf4e34e6ae07a4ab19711028713611, type: 3}
      propertyPath: m_LocalRotation.w
      value: 1
      objectReference: {fileID: 0}
    - target: {fileID: 430114, guid: 3edf4e34e6ae07a4ab19711028713611, type: 3}
      propertyPath: m_LocalRotation.x
      value: -0
      objectReference: {fileID: 0}
    - target: {fileID: 430114, guid: 3edf4e34e6ae07a4ab19711028713611, type: 3}
      propertyPath: m_LocalRotation.y
      value: -0
      objectReference: {fileID: 0}
    - target: {fileID: 430114, guid: 3edf4e34e6ae07a4ab19711028713611, type: 3}
      propertyPath: m_LocalRotation.z
      value: -0
      objectReference: {fileID: 0}
    - target: {fileID: 430114, guid: 3edf4e34e6ae07a4ab19711028713611, type: 3}
      propertyPath: m_LocalEulerAnglesHint.x
      value: 0
      objectReference: {fileID: 0}
    - target: {fileID: 430114, guid: 3edf4e34e6ae07a4ab19711028713611, type: 3}
      propertyPath: m_LocalEulerAnglesHint.y
      value: 0
      objectReference: {fileID: 0}
    - target: {fileID: 430114, guid: 3edf4e34e6ae07a4ab19711028713611, type: 3}
      propertyPath: m_LocalEulerAnglesHint.z
      value: 0
      objectReference: {fileID: 0}
    - target: {fileID: 6412976, guid: 3edf4e34e6ae07a4ab19711028713611, type: 3}
      propertyPath: m_Material
      value: 
      objectReference: {fileID: 0}
    m_RemovedComponents: []
  m_SourcePrefab: {fileID: 100100000, guid: 3edf4e34e6ae07a4ab19711028713611, type: 3}
--- !u!4 &7170155218119215459 stripped
Transform:
  m_CorrespondingSourceObject: {fileID: 430114, guid: 3edf4e34e6ae07a4ab19711028713611, type: 3}
  m_PrefabInstance: {fileID: 7170155218119579969}
  m_PrefabAsset: {fileID: 0}
