%YAML 1.1
%TAG !u! tag:unity3d.com,2011:
--- !u!1 &102065750170873520
GameObject:
  m_ObjectHideFlags: 0
  m_CorrespondingSourceObject: {fileID: 0}
  m_PrefabInstance: {fileID: 0}
  m_PrefabAsset: {fileID: 0}
  serializedVersion: 6
  m_Component:
  - component: {fileID: 3770483995497523276}
  - component: {fileID: 6744835583102896589}
  m_Layer: 0
  m_Name: _Long road
  m_TagString: Untagged
  m_Icon: {fileID: 0}
  m_NavMeshLayer: 0
  m_StaticEditorFlags: 0
  m_IsActive: 1
--- !u!4 &3770483995497523276
Transform:
  m_ObjectHideFlags: 0
  m_CorrespondingSourceObject: {fileID: 0}
  m_PrefabInstance: {fileID: 0}
  m_PrefabAsset: {fileID: 0}
  m_GameObject: {fileID: 102065750170873520}
  m_LocalRotation: {x: 0, y: 0, z: 0, w: 1}
  m_LocalPosition: {x: 0, y: 0, z: 0}
  m_LocalScale: {x: 1, y: 1, z: 1}
  m_Children:
  - {fileID: 7514502489995417370}
  - {fileID: 16627025051181968}
  m_Father: {fileID: 0}
  m_RootOrder: 0
  m_LocalEulerAnglesHint: {x: 0, y: 0, z: 0}
--- !u!64 &6744835583102896589
MeshCollider:
  m_ObjectHideFlags: 0
  m_CorrespondingSourceObject: {fileID: 0}
  m_PrefabInstance: {fileID: 0}
  m_PrefabAsset: {fileID: 0}
  m_GameObject: {fileID: 102065750170873520}
  m_Material: {fileID: 13400000, guid: c2f8c4406746f8346b7a7ea6bb9b5df3, type: 2}
  m_IsTrigger: 0
  m_Enabled: 1
  serializedVersion: 4
  m_Convex: 0
  m_CookingOptions: 30
  m_Mesh: {fileID: 0}
--- !u!1001 &2685557730775213283
PrefabInstance:
  m_ObjectHideFlags: 0
  serializedVersion: 2
  m_Modification:
    m_TransformParent: {fileID: 3770483995497523276}
    m_Modifications:
    - target: {fileID: -6478343105563363500, guid: 79511c6e776d09f49b3fc55f959c2309, type: 3}
      propertyPath: m_Material
      value: 
      objectReference: {fileID: 0}
    - target: {fileID: 1624479076513374997, guid: 79511c6e776d09f49b3fc55f959c2309, type: 3}
      propertyPath: m_Name
      value: _Short road (1)
      objectReference: {fileID: 0}
    - target: {fileID: 5552345379466261497, guid: 79511c6e776d09f49b3fc55f959c2309, type: 3}
      propertyPath: m_RootOrder
      value: 0
      objectReference: {fileID: 0}
    - target: {fileID: 5552345379466261497, guid: 79511c6e776d09f49b3fc55f959c2309, type: 3}
      propertyPath: m_LocalPosition.x
      value: 17.432251
      objectReference: {fileID: 0}
    - target: {fileID: 5552345379466261497, guid: 79511c6e776d09f49b3fc55f959c2309, type: 3}
      propertyPath: m_LocalPosition.y
      value: -1.1682434
      objectReference: {fileID: 0}
    - target: {fileID: 5552345379466261497, guid: 79511c6e776d09f49b3fc55f959c2309, type: 3}
      propertyPath: m_LocalPosition.z
      value: 29.834473
      objectReference: {fileID: 0}
    - target: {fileID: 5552345379466261497, guid: 79511c6e776d09f49b3fc55f959c2309, type: 3}
      propertyPath: m_LocalRotation.w
      value: 1
      objectReference: {fileID: 0}
    - target: {fileID: 5552345379466261497, guid: 79511c6e776d09f49b3fc55f959c2309, type: 3}
      propertyPath: m_LocalRotation.x
      value: -0
      objectReference: {fileID: 0}
    - target: {fileID: 5552345379466261497, guid: 79511c6e776d09f49b3fc55f959c2309, type: 3}
      propertyPath: m_LocalRotation.y
      value: -0
      objectReference: {fileID: 0}
    - target: {fileID: 5552345379466261497, guid: 79511c6e776d09f49b3fc55f959c2309, type: 3}
      propertyPath: m_LocalRotation.z
      value: -0
      objectReference: {fileID: 0}
    - target: {fileID: 5552345379466261497, guid: 79511c6e776d09f49b3fc55f959c2309, type: 3}
      propertyPath: m_LocalEulerAnglesHint.x
      value: 0
      objectReference: {fileID: 0}
    - target: {fileID: 5552345379466261497, guid: 79511c6e776d09f49b3fc55f959c2309, type: 3}
      propertyPath: m_LocalEulerAnglesHint.y
      value: 0
      objectReference: {fileID: 0}
    - target: {fileID: 5552345379466261497, guid: 79511c6e776d09f49b3fc55f959c2309, type: 3}
      propertyPath: m_LocalEulerAnglesHint.z
      value: 0
      objectReference: {fileID: 0}
    m_RemovedComponents: []
  m_SourcePrefab: {fileID: 100100000, guid: 79511c6e776d09f49b3fc55f959c2309, type: 3}
--- !u!4 &7514502489995417370 stripped
Transform:
  m_CorrespondingSourceObject: {fileID: 5552345379466261497, guid: 79511c6e776d09f49b3fc55f959c2309, type: 3}
  m_PrefabInstance: {fileID: 2685557730775213283}
  m_PrefabAsset: {fileID: 0}
--- !u!1001 &5563905438816587881
PrefabInstance:
  m_ObjectHideFlags: 0
  serializedVersion: 2
  m_Modification:
    m_TransformParent: {fileID: 3770483995497523276}
    m_Modifications:
    - target: {fileID: -6478343105563363500, guid: 79511c6e776d09f49b3fc55f959c2309, type: 3}
      propertyPath: m_Material
      value: 
      objectReference: {fileID: 0}
    - target: {fileID: 1624479076513374997, guid: 79511c6e776d09f49b3fc55f959c2309, type: 3}
      propertyPath: m_Name
      value: _Short road (2)
      objectReference: {fileID: 0}
    - target: {fileID: 5552345379466261497, guid: 79511c6e776d09f49b3fc55f959c2309, type: 3}
      propertyPath: m_RootOrder
      value: 1
      objectReference: {fileID: 0}
    - target: {fileID: 5552345379466261497, guid: 79511c6e776d09f49b3fc55f959c2309, type: 3}
      propertyPath: m_LocalPosition.x
      value: 17.432251
      objectReference: {fileID: 0}
    - target: {fileID: 5552345379466261497, guid: 79511c6e776d09f49b3fc55f959c2309, type: 3}
      propertyPath: m_LocalPosition.y
      value: -1.1682434
      objectReference: {fileID: 0}
    - target: {fileID: 5552345379466261497, guid: 79511c6e776d09f49b3fc55f959c2309, type: 3}
      propertyPath: m_LocalPosition.z
      value: 169.83447
      objectReference: {fileID: 0}
    - target: {fileID: 5552345379466261497, guid: 79511c6e776d09f49b3fc55f959c2309, type: 3}
      propertyPath: m_LocalRotation.w
      value: 1
      objectReference: {fileID: 0}
    - target: {fileID: 5552345379466261497, guid: 79511c6e776d09f49b3fc55f959c2309, type: 3}
      propertyPath: m_LocalRotation.x
      value: -0
      objectReference: {fileID: 0}
    - target: {fileID: 5552345379466261497, guid: 79511c6e776d09f49b3fc55f959c2309, type: 3}
      propertyPath: m_LocalRotation.y
      value: -0
      objectReference: {fileID: 0}
    - target: {fileID: 5552345379466261497, guid: 79511c6e776d09f49b3fc55f959c2309, type: 3}
      propertyPath: m_LocalRotation.z
      value: -0
      objectReference: {fileID: 0}
    - target: {fileID: 5552345379466261497, guid: 79511c6e776d09f49b3fc55f959c2309, type: 3}
      propertyPath: m_LocalEulerAnglesHint.x
      value: 0
      objectReference: {fileID: 0}
    - target: {fileID: 5552345379466261497, guid: 79511c6e776d09f49b3fc55f959c2309, type: 3}
      propertyPath: m_LocalEulerAnglesHint.y
      value: 0
      objectReference: {fileID: 0}
    - target: {fileID: 5552345379466261497, guid: 79511c6e776d09f49b3fc55f959c2309, type: 3}
      propertyPath: m_LocalEulerAnglesHint.z
      value: 0
      objectReference: {fileID: 0}
    m_RemovedComponents: []
  m_SourcePrefab: {fileID: 100100000, guid: 79511c6e776d09f49b3fc55f959c2309, type: 3}
--- !u!4 &16627025051181968 stripped
Transform:
  m_CorrespondingSourceObject: {fileID: 5552345379466261497, guid: 79511c6e776d09f49b3fc55f959c2309, type: 3}
  m_PrefabInstance: {fileID: 5563905438816587881}
  m_PrefabAsset: {fileID: 0}
