%YAML 1.1
%TAG !u! tag:unity3d.com,2011:
--- !u!1 &890299117296823040
GameObject:
  m_ObjectHideFlags: 0
  m_CorrespondingSourceObject: {fileID: 0}
  m_PrefabInstance: {fileID: 0}
  m_PrefabAsset: {fileID: 0}
  serializedVersion: 6
  m_Component:
  - component: {fileID: 151878721711981989}
  - component: {fileID: -4352649386327631644}
  m_Layer: 0
  m_Name: _Right bend
  m_TagString: Untagged
  m_Icon: {fileID: 0}
  m_NavMeshLayer: 0
  m_StaticEditorFlags: 0
  m_IsActive: 1
--- !u!4 &151878721711981989
Transform:
  m_ObjectHideFlags: 0
  m_CorrespondingSourceObject: {fileID: 0}
  m_PrefabInstance: {fileID: 0}
  m_PrefabAsset: {fileID: 0}
  m_GameObject: {fileID: 890299117296823040}
  m_LocalRotation: {x: 0, y: 0, z: 0, w: 1}
  m_LocalPosition: {x: 0, y: 0, z: 0}
  m_LocalScale: {x: 1, y: 1, z: 1}
  m_Children:
  - {fileID: 3509495079097336810}
  - {fileID: 8025697566711926920}
  - {fileID: 3165979168543672719}
  - {fileID: 8997913109598129455}
  - {fileID: 8476203893361378937}
  - {fileID: 722752158487613821}
  - {fileID: 6591612948329161703}
  - {fileID: 2929216964351285645}
  - {fileID: 3987995815012259299}
  m_Father: {fileID: 0}
  m_RootOrder: 0
  m_LocalEulerAnglesHint: {x: 0, y: 0, z: 0}
--- !u!64 &-4352649386327631644
MeshCollider:
  m_ObjectHideFlags: 0
  m_CorrespondingSourceObject: {fileID: 0}
  m_PrefabInstance: {fileID: 0}
  m_PrefabAsset: {fileID: 0}
  m_GameObject: {fileID: 890299117296823040}
  m_Material: {fileID: 13400000, guid: c2f8c4406746f8346b7a7ea6bb9b5df3, type: 2}
  m_IsTrigger: 0
  m_Enabled: 1
  serializedVersion: 4
  m_Convex: 0
  m_CookingOptions: 30
  m_Mesh: {fileID: 0}
--- !u!1001 &727141968256182603
PrefabInstance:
  m_ObjectHideFlags: 0
  serializedVersion: 2
  m_Modification:
    m_TransformParent: {fileID: 151878721711981989}
    m_Modifications:
    - target: {fileID: 4759262865471542, guid: 5d9fc10406379d647b716fc2732fe3c8, type: 3}
      propertyPath: m_RootOrder
      value: 5
      objectReference: {fileID: 0}
    - target: {fileID: 4759262865471542, guid: 5d9fc10406379d647b716fc2732fe3c8, type: 3}
      propertyPath: m_LocalScale.x
      value: 6
      objectReference: {fileID: 0}
    - target: {fileID: 4759262865471542, guid: 5d9fc10406379d647b716fc2732fe3c8, type: 3}
      propertyPath: m_LocalScale.y
      value: 10
      objectReference: {fileID: 0}
    - target: {fileID: 4759262865471542, guid: 5d9fc10406379d647b716fc2732fe3c8, type: 3}
      propertyPath: m_LocalScale.z
      value: 6
      objectReference: {fileID: 0}
    - target: {fileID: 4759262865471542, guid: 5d9fc10406379d647b716fc2732fe3c8, type: 3}
      propertyPath: m_LocalPosition.x
      value: 233.8
      objectReference: {fileID: 0}
    - target: {fileID: 4759262865471542, guid: 5d9fc10406379d647b716fc2732fe3c8, type: 3}
      propertyPath: m_LocalPosition.y
      value: 422.68732
      objectReference: {fileID: 0}
    - target: {fileID: 4759262865471542, guid: 5d9fc10406379d647b716fc2732fe3c8, type: 3}
      propertyPath: m_LocalPosition.z
      value: -400.18
      objectReference: {fileID: 0}
    - target: {fileID: 4759262865471542, guid: 5d9fc10406379d647b716fc2732fe3c8, type: 3}
      propertyPath: m_LocalRotation.w
      value: 0.7071068
      objectReference: {fileID: 0}
    - target: {fileID: 4759262865471542, guid: 5d9fc10406379d647b716fc2732fe3c8, type: 3}
      propertyPath: m_LocalRotation.x
      value: 0
      objectReference: {fileID: 0}
    - target: {fileID: 4759262865471542, guid: 5d9fc10406379d647b716fc2732fe3c8, type: 3}
      propertyPath: m_LocalRotation.y
      value: 0.7071068
      objectReference: {fileID: 0}
    - target: {fileID: 4759262865471542, guid: 5d9fc10406379d647b716fc2732fe3c8, type: 3}
      propertyPath: m_LocalRotation.z
      value: 0
      objectReference: {fileID: 0}
    - target: {fileID: 4759262865471542, guid: 5d9fc10406379d647b716fc2732fe3c8, type: 3}
      propertyPath: m_LocalEulerAnglesHint.y
      value: 90
      objectReference: {fileID: 0}
    m_RemovedComponents: []
  m_SourcePrefab: {fileID: 100100000, guid: 5d9fc10406379d647b716fc2732fe3c8, type: 3}
--- !u!4 &722752158487613821 stripped
Transform:
  m_CorrespondingSourceObject: {fileID: 4759262865471542, guid: 5d9fc10406379d647b716fc2732fe3c8, type: 3}
  m_PrefabInstance: {fileID: 727141968256182603}
  m_PrefabAsset: {fileID: 0}
--- !u!1001 &2933606738018558395
PrefabInstance:
  m_ObjectHideFlags: 0
  serializedVersion: 2
  m_Modification:
    m_TransformParent: {fileID: 151878721711981989}
    m_Modifications:
    - target: {fileID: 1674700864803382, guid: 5d9fc10406379d647b716fc2732fe3c8, type: 3}
      propertyPath: m_Name
      value: street_lamp 1 prefab (2)
      objectReference: {fileID: 0}
    - target: {fileID: 4759262865471542, guid: 5d9fc10406379d647b716fc2732fe3c8, type: 3}
      propertyPath: m_RootOrder
      value: 7
      objectReference: {fileID: 0}
    - target: {fileID: 4759262865471542, guid: 5d9fc10406379d647b716fc2732fe3c8, type: 3}
      propertyPath: m_LocalScale.x
      value: 6
      objectReference: {fileID: 0}
    - target: {fileID: 4759262865471542, guid: 5d9fc10406379d647b716fc2732fe3c8, type: 3}
      propertyPath: m_LocalScale.y
      value: 10
      objectReference: {fileID: 0}
    - target: {fileID: 4759262865471542, guid: 5d9fc10406379d647b716fc2732fe3c8, type: 3}
      propertyPath: m_LocalScale.z
      value: 6
      objectReference: {fileID: 0}
    - target: {fileID: 4759262865471542, guid: 5d9fc10406379d647b716fc2732fe3c8, type: 3}
      propertyPath: m_LocalPosition.x
      value: 218.9
      objectReference: {fileID: 0}
    - target: {fileID: 4759262865471542, guid: 5d9fc10406379d647b716fc2732fe3c8, type: 3}
      propertyPath: m_LocalPosition.y
      value: 422.68732
      objectReference: {fileID: 0}
    - target: {fileID: 4759262865471542, guid: 5d9fc10406379d647b716fc2732fe3c8, type: 3}
      propertyPath: m_LocalPosition.z
      value: -438.8
      objectReference: {fileID: 0}
    - target: {fileID: 4759262865471542, guid: 5d9fc10406379d647b716fc2732fe3c8, type: 3}
      propertyPath: m_LocalRotation.w
      value: 0
      objectReference: {fileID: 0}
    - target: {fileID: 4759262865471542, guid: 5d9fc10406379d647b716fc2732fe3c8, type: 3}
      propertyPath: m_LocalRotation.x
      value: 0
      objectReference: {fileID: 0}
    - target: {fileID: 4759262865471542, guid: 5d9fc10406379d647b716fc2732fe3c8, type: 3}
      propertyPath: m_LocalRotation.y
      value: 1
      objectReference: {fileID: 0}
    - target: {fileID: 4759262865471542, guid: 5d9fc10406379d647b716fc2732fe3c8, type: 3}
      propertyPath: m_LocalRotation.z
      value: 0
      objectReference: {fileID: 0}
    - target: {fileID: 4759262865471542, guid: 5d9fc10406379d647b716fc2732fe3c8, type: 3}
      propertyPath: m_LocalEulerAnglesHint.y
      value: 180
      objectReference: {fileID: 0}
    m_RemovedComponents: []
  m_SourcePrefab: {fileID: 100100000, guid: 5d9fc10406379d647b716fc2732fe3c8, type: 3}
--- !u!4 &2929216964351285645 stripped
Transform:
  m_CorrespondingSourceObject: {fileID: 4759262865471542, guid: 5d9fc10406379d647b716fc2732fe3c8, type: 3}
  m_PrefabInstance: {fileID: 2933606738018558395}
  m_PrefabAsset: {fileID: 0}
--- !u!1001 &3165979168543484445
PrefabInstance:
  m_ObjectHideFlags: 0
  serializedVersion: 2
  m_Modification:
    m_TransformParent: {fileID: 151878721711981989}
    m_Modifications:
    - target: {fileID: 166132, guid: e2a74a09771926d4ba178813dc294dbb, type: 3}
      propertyPath: m_Name
      value: sptp_road_segment_05
      objectReference: {fileID: 0}
    - target: {fileID: 467858, guid: e2a74a09771926d4ba178813dc294dbb, type: 3}
      propertyPath: m_RootOrder
      value: 2
      objectReference: {fileID: 0}
    - target: {fileID: 467858, guid: e2a74a09771926d4ba178813dc294dbb, type: 3}
      propertyPath: m_LocalScale.x
      value: 4
      objectReference: {fileID: 0}
    - target: {fileID: 467858, guid: e2a74a09771926d4ba178813dc294dbb, type: 3}
      propertyPath: m_LocalScale.y
      value: 4
      objectReference: {fileID: 0}
    - target: {fileID: 467858, guid: e2a74a09771926d4ba178813dc294dbb, type: 3}
      propertyPath: m_LocalScale.z
      value: 4
      objectReference: {fileID: 0}
    - target: {fileID: 467858, guid: e2a74a09771926d4ba178813dc294dbb, type: 3}
      propertyPath: m_LocalPosition.x
      value: 211.06416
      objectReference: {fileID: 0}
    - target: {fileID: 467858, guid: e2a74a09771926d4ba178813dc294dbb, type: 3}
      propertyPath: m_LocalPosition.y
      value: 422.04877
      objectReference: {fileID: 0}
    - target: {fileID: 467858, guid: e2a74a09771926d4ba178813dc294dbb, type: 3}
      propertyPath: m_LocalPosition.z
      value: -416
      objectReference: {fileID: 0}
    - target: {fileID: 467858, guid: e2a74a09771926d4ba178813dc294dbb, type: 3}
      propertyPath: m_LocalRotation.w
      value: 0
      objectReference: {fileID: 0}
    - target: {fileID: 467858, guid: e2a74a09771926d4ba178813dc294dbb, type: 3}
      propertyPath: m_LocalRotation.x
      value: -0
      objectReference: {fileID: 0}
    - target: {fileID: 467858, guid: e2a74a09771926d4ba178813dc294dbb, type: 3}
      propertyPath: m_LocalRotation.y
      value: 1
      objectReference: {fileID: 0}
    - target: {fileID: 467858, guid: e2a74a09771926d4ba178813dc294dbb, type: 3}
      propertyPath: m_LocalRotation.z
      value: -0
      objectReference: {fileID: 0}
    - target: {fileID: 467858, guid: e2a74a09771926d4ba178813dc294dbb, type: 3}
      propertyPath: m_LocalEulerAnglesHint.x
      value: 0
      objectReference: {fileID: 0}
    - target: {fileID: 467858, guid: e2a74a09771926d4ba178813dc294dbb, type: 3}
      propertyPath: m_LocalEulerAnglesHint.y
      value: 180
      objectReference: {fileID: 0}
    - target: {fileID: 467858, guid: e2a74a09771926d4ba178813dc294dbb, type: 3}
      propertyPath: m_LocalEulerAnglesHint.z
      value: 0
      objectReference: {fileID: 0}
    - target: {fileID: 6497820, guid: e2a74a09771926d4ba178813dc294dbb, type: 3}
      propertyPath: m_Material
      value: 
      objectReference: {fileID: 0}
    m_RemovedComponents: []
  m_SourcePrefab: {fileID: 100100000, guid: e2a74a09771926d4ba178813dc294dbb, type: 3}
--- !u!4 &3165979168543672719 stripped
Transform:
  m_CorrespondingSourceObject: {fileID: 467858, guid: e2a74a09771926d4ba178813dc294dbb, type: 3}
  m_PrefabInstance: {fileID: 3165979168543484445}
  m_PrefabAsset: {fileID: 0}
--- !u!1001 &3509495079097291732
PrefabInstance:
  m_ObjectHideFlags: 0
  serializedVersion: 2
  m_Modification:
    m_TransformParent: {fileID: 151878721711981989}
    m_Modifications:
    - target: {fileID: 186210, guid: aff519f9aef5a174faddb17c9bea4887, type: 3}
      propertyPath: m_Name
      value: sptp_road_segment_06
      objectReference: {fileID: 0}
    - target: {fileID: 479294, guid: aff519f9aef5a174faddb17c9bea4887, type: 3}
      propertyPath: m_RootOrder
      value: 0
      objectReference: {fileID: 0}
    - target: {fileID: 479294, guid: aff519f9aef5a174faddb17c9bea4887, type: 3}
      propertyPath: m_LocalScale.x
      value: 4
      objectReference: {fileID: 0}
    - target: {fileID: 479294, guid: aff519f9aef5a174faddb17c9bea4887, type: 3}
      propertyPath: m_LocalScale.y
      value: 4
      objectReference: {fileID: 0}
    - target: {fileID: 479294, guid: aff519f9aef5a174faddb17c9bea4887, type: 3}
      propertyPath: m_LocalScale.z
      value: 4
      objectReference: {fileID: 0}
    - target: {fileID: 479294, guid: aff519f9aef5a174faddb17c9bea4887, type: 3}
      propertyPath: m_LocalPosition.x
      value: 210.86415
      objectReference: {fileID: 0}
    - target: {fileID: 479294, guid: aff519f9aef5a174faddb17c9bea4887, type: 3}
      propertyPath: m_LocalPosition.y
      value: 422.04877
      objectReference: {fileID: 0}
    - target: {fileID: 479294, guid: aff519f9aef5a174faddb17c9bea4887, type: 3}
      propertyPath: m_LocalPosition.z
      value: -415.8018
      objectReference: {fileID: 0}
    - target: {fileID: 479294, guid: aff519f9aef5a174faddb17c9bea4887, type: 3}
      propertyPath: m_LocalRotation.w
      value: 0
      objectReference: {fileID: 0}
    - target: {fileID: 479294, guid: aff519f9aef5a174faddb17c9bea4887, type: 3}
      propertyPath: m_LocalRotation.x
      value: -0
      objectReference: {fileID: 0}
    - target: {fileID: 479294, guid: aff519f9aef5a174faddb17c9bea4887, type: 3}
      propertyPath: m_LocalRotation.y
      value: 1
      objectReference: {fileID: 0}
    - target: {fileID: 479294, guid: aff519f9aef5a174faddb17c9bea4887, type: 3}
      propertyPath: m_LocalRotation.z
      value: -0
      objectReference: {fileID: 0}
    - target: {fileID: 479294, guid: aff519f9aef5a174faddb17c9bea4887, type: 3}
      propertyPath: m_LocalEulerAnglesHint.x
      value: 0
      objectReference: {fileID: 0}
    - target: {fileID: 479294, guid: aff519f9aef5a174faddb17c9bea4887, type: 3}
      propertyPath: m_LocalEulerAnglesHint.y
      value: 180
      objectReference: {fileID: 0}
    - target: {fileID: 479294, guid: aff519f9aef5a174faddb17c9bea4887, type: 3}
      propertyPath: m_LocalEulerAnglesHint.z
      value: 0
      objectReference: {fileID: 0}
    - target: {fileID: 6403152, guid: aff519f9aef5a174faddb17c9bea4887, type: 3}
      propertyPath: m_Material
      value: 
      objectReference: {fileID: 0}
    m_RemovedComponents: []
  m_SourcePrefab: {fileID: 100100000, guid: aff519f9aef5a174faddb17c9bea4887, type: 3}
--- !u!4 &3509495079097336810 stripped
Transform:
  m_CorrespondingSourceObject: {fileID: 479294, guid: aff519f9aef5a174faddb17c9bea4887, type: 3}
  m_PrefabInstance: {fileID: 3509495079097291732}
  m_PrefabAsset: {fileID: 0}
--- !u!1001 &3983677507863965141
PrefabInstance:
  m_ObjectHideFlags: 0
  serializedVersion: 2
  m_Modification:
    m_TransformParent: {fileID: 151878721711981989}
    m_Modifications:
    - target: {fileID: 1674700864803382, guid: 5d9fc10406379d647b716fc2732fe3c8, type: 3}
      propertyPath: m_Name
      value: street_lamp 1 prefab (3)
      objectReference: {fileID: 0}
    - target: {fileID: 4759262865471542, guid: 5d9fc10406379d647b716fc2732fe3c8, type: 3}
      propertyPath: m_RootOrder
      value: 8
      objectReference: {fileID: 0}
    - target: {fileID: 4759262865471542, guid: 5d9fc10406379d647b716fc2732fe3c8, type: 3}
      propertyPath: m_LocalScale.x
      value: 6
      objectReference: {fileID: 0}
    - target: {fileID: 4759262865471542, guid: 5d9fc10406379d647b716fc2732fe3c8, type: 3}
      propertyPath: m_LocalScale.y
      value: 10
      objectReference: {fileID: 0}
    - target: {fileID: 4759262865471542, guid: 5d9fc10406379d647b716fc2732fe3c8, type: 3}
      propertyPath: m_LocalScale.z
      value: 6
      objectReference: {fileID: 0}
    - target: {fileID: 4759262865471542, guid: 5d9fc10406379d647b716fc2732fe3c8, type: 3}
      propertyPath: m_LocalPosition.x
      value: 168.9
      objectReference: {fileID: 0}
    - target: {fileID: 4759262865471542, guid: 5d9fc10406379d647b716fc2732fe3c8, type: 3}
      propertyPath: m_LocalPosition.y
      value: 422.68732
      objectReference: {fileID: 0}
    - target: {fileID: 4759262865471542, guid: 5d9fc10406379d647b716fc2732fe3c8, type: 3}
      propertyPath: m_LocalPosition.z
      value: -438.8
      objectReference: {fileID: 0}
    - target: {fileID: 4759262865471542, guid: 5d9fc10406379d647b716fc2732fe3c8, type: 3}
      propertyPath: m_LocalRotation.w
      value: 0
      objectReference: {fileID: 0}
    - target: {fileID: 4759262865471542, guid: 5d9fc10406379d647b716fc2732fe3c8, type: 3}
      propertyPath: m_LocalRotation.x
      value: 0
      objectReference: {fileID: 0}
    - target: {fileID: 4759262865471542, guid: 5d9fc10406379d647b716fc2732fe3c8, type: 3}
      propertyPath: m_LocalRotation.y
      value: 1
      objectReference: {fileID: 0}
    - target: {fileID: 4759262865471542, guid: 5d9fc10406379d647b716fc2732fe3c8, type: 3}
      propertyPath: m_LocalRotation.z
      value: 0
      objectReference: {fileID: 0}
    - target: {fileID: 4759262865471542, guid: 5d9fc10406379d647b716fc2732fe3c8, type: 3}
      propertyPath: m_LocalEulerAnglesHint.y
      value: 180
      objectReference: {fileID: 0}
    m_RemovedComponents: []
  m_SourcePrefab: {fileID: 100100000, guid: 5d9fc10406379d647b716fc2732fe3c8, type: 3}
--- !u!4 &3987995815012259299 stripped
Transform:
  m_CorrespondingSourceObject: {fileID: 4759262865471542, guid: 5d9fc10406379d647b716fc2732fe3c8, type: 3}
  m_PrefabInstance: {fileID: 3983677507863965141}
  m_PrefabAsset: {fileID: 0}
--- !u!1001 &6587347383514520529
PrefabInstance:
  m_ObjectHideFlags: 0
  serializedVersion: 2
  m_Modification:
    m_TransformParent: {fileID: 151878721711981989}
    m_Modifications:
    - target: {fileID: 1674700864803382, guid: 5d9fc10406379d647b716fc2732fe3c8, type: 3}
      propertyPath: m_Name
      value: street_lamp 1 prefab (1)
      objectReference: {fileID: 0}
    - target: {fileID: 4759262865471542, guid: 5d9fc10406379d647b716fc2732fe3c8, type: 3}
      propertyPath: m_RootOrder
      value: 6
      objectReference: {fileID: 0}
    - target: {fileID: 4759262865471542, guid: 5d9fc10406379d647b716fc2732fe3c8, type: 3}
      propertyPath: m_LocalScale.x
      value: 6
      objectReference: {fileID: 0}
    - target: {fileID: 4759262865471542, guid: 5d9fc10406379d647b716fc2732fe3c8, type: 3}
      propertyPath: m_LocalScale.y
      value: 10
      objectReference: {fileID: 0}
    - target: {fileID: 4759262865471542, guid: 5d9fc10406379d647b716fc2732fe3c8, type: 3}
      propertyPath: m_LocalScale.z
      value: 6
      objectReference: {fileID: 0}
    - target: {fileID: 4759262865471542, guid: 5d9fc10406379d647b716fc2732fe3c8, type: 3}
      propertyPath: m_LocalPosition.x
      value: 189.9
      objectReference: {fileID: 0}
    - target: {fileID: 4759262865471542, guid: 5d9fc10406379d647b716fc2732fe3c8, type: 3}
      propertyPath: m_LocalPosition.y
      value: 422.68732
      objectReference: {fileID: 0}
    - target: {fileID: 4759262865471542, guid: 5d9fc10406379d647b716fc2732fe3c8, type: 3}
      propertyPath: m_LocalPosition.z
      value: -394.6
      objectReference: {fileID: 0}
    - target: {fileID: 4759262865471542, guid: 5d9fc10406379d647b716fc2732fe3c8, type: 3}
      propertyPath: m_LocalRotation.w
      value: 1
      objectReference: {fileID: 0}
    - target: {fileID: 4759262865471542, guid: 5d9fc10406379d647b716fc2732fe3c8, type: 3}
      propertyPath: m_LocalRotation.x
      value: 0
      objectReference: {fileID: 0}
    - target: {fileID: 4759262865471542, guid: 5d9fc10406379d647b716fc2732fe3c8, type: 3}
      propertyPath: m_LocalRotation.y
      value: 0
      objectReference: {fileID: 0}
    - target: {fileID: 4759262865471542, guid: 5d9fc10406379d647b716fc2732fe3c8, type: 3}
      propertyPath: m_LocalRotation.z
      value: 0
      objectReference: {fileID: 0}
    - target: {fileID: 4759262865471542, guid: 5d9fc10406379d647b716fc2732fe3c8, type: 3}
      propertyPath: m_LocalEulerAnglesHint.y
      value: 0
      objectReference: {fileID: 0}
    m_RemovedComponents: []
  m_SourcePrefab: {fileID: 100100000, guid: 5d9fc10406379d647b716fc2732fe3c8, type: 3}
--- !u!4 &6591612948329161703 stripped
Transform:
  m_CorrespondingSourceObject: {fileID: 4759262865471542, guid: 5d9fc10406379d647b716fc2732fe3c8, type: 3}
  m_PrefabInstance: {fileID: 6587347383514520529}
  m_PrefabAsset: {fileID: 0}
--- !u!1001 &8025697566711869552
PrefabInstance:
  m_ObjectHideFlags: 0
  serializedVersion: 2
  m_Modification:
    m_TransformParent: {fileID: 151878721711981989}
    m_Modifications:
    - target: {fileID: 103234, guid: 33c97833d10bc794a996a71dfc54e436, type: 3}
      propertyPath: m_Name
      value: sptp_road_segment_09
      objectReference: {fileID: 0}
    - target: {fileID: 467192, guid: 33c97833d10bc794a996a71dfc54e436, type: 3}
      propertyPath: m_RootOrder
      value: 1
      objectReference: {fileID: 0}
    - target: {fileID: 467192, guid: 33c97833d10bc794a996a71dfc54e436, type: 3}
      propertyPath: m_LocalScale.x
      value: 4
      objectReference: {fileID: 0}
    - target: {fileID: 467192, guid: 33c97833d10bc794a996a71dfc54e436, type: 3}
      propertyPath: m_LocalScale.y
      value: 4
      objectReference: {fileID: 0}
    - target: {fileID: 467192, guid: 33c97833d10bc794a996a71dfc54e436, type: 3}
      propertyPath: m_LocalScale.z
      value: 4
      objectReference: {fileID: 0}
    - target: {fileID: 467192, guid: 33c97833d10bc794a996a71dfc54e436, type: 3}
      propertyPath: m_LocalPosition.x
      value: 210.86415
      objectReference: {fileID: 0}
    - target: {fileID: 467192, guid: 33c97833d10bc794a996a71dfc54e436, type: 3}
      propertyPath: m_LocalPosition.y
      value: 422.04877
      objectReference: {fileID: 0}
    - target: {fileID: 467192, guid: 33c97833d10bc794a996a71dfc54e436, type: 3}
      propertyPath: m_LocalPosition.z
      value: -359.8018
      objectReference: {fileID: 0}
    - target: {fileID: 467192, guid: 33c97833d10bc794a996a71dfc54e436, type: 3}
      propertyPath: m_LocalRotation.w
      value: 0
      objectReference: {fileID: 0}
    - target: {fileID: 467192, guid: 33c97833d10bc794a996a71dfc54e436, type: 3}
      propertyPath: m_LocalRotation.x
      value: -0
      objectReference: {fileID: 0}
    - target: {fileID: 467192, guid: 33c97833d10bc794a996a71dfc54e436, type: 3}
      propertyPath: m_LocalRotation.y
      value: 1
      objectReference: {fileID: 0}
    - target: {fileID: 467192, guid: 33c97833d10bc794a996a71dfc54e436, type: 3}
      propertyPath: m_LocalRotation.z
      value: -0
      objectReference: {fileID: 0}
    - target: {fileID: 467192, guid: 33c97833d10bc794a996a71dfc54e436, type: 3}
      propertyPath: m_LocalEulerAnglesHint.x
      value: 0
      objectReference: {fileID: 0}
    - target: {fileID: 467192, guid: 33c97833d10bc794a996a71dfc54e436, type: 3}
      propertyPath: m_LocalEulerAnglesHint.y
      value: 180
      objectReference: {fileID: 0}
    - target: {fileID: 467192, guid: 33c97833d10bc794a996a71dfc54e436, type: 3}
      propertyPath: m_LocalEulerAnglesHint.z
      value: 0
      objectReference: {fileID: 0}
    - target: {fileID: 6464784, guid: 33c97833d10bc794a996a71dfc54e436, type: 3}
      propertyPath: m_Material
      value: 
      objectReference: {fileID: 0}
    m_RemovedComponents: []
  m_SourcePrefab: {fileID: 100100000, guid: 33c97833d10bc794a996a71dfc54e436, type: 3}
--- !u!4 &8025697566711926920 stripped
Transform:
  m_CorrespondingSourceObject: {fileID: 467192, guid: 33c97833d10bc794a996a71dfc54e436, type: 3}
  m_PrefabInstance: {fileID: 8025697566711869552}
  m_PrefabAsset: {fileID: 0}
--- !u!1001 &8480680579856842319
PrefabInstance:
  m_ObjectHideFlags: 0
  serializedVersion: 2
  m_Modification:
    m_TransformParent: {fileID: 151878721711981989}
    m_Modifications:
    - target: {fileID: 4759262865471542, guid: 5d9fc10406379d647b716fc2732fe3c8, type: 3}
      propertyPath: m_RootOrder
      value: 4
      objectReference: {fileID: 0}
    - target: {fileID: 4759262865471542, guid: 5d9fc10406379d647b716fc2732fe3c8, type: 3}
      propertyPath: m_LocalScale.x
      value: 6
      objectReference: {fileID: 0}
    - target: {fileID: 4759262865471542, guid: 5d9fc10406379d647b716fc2732fe3c8, type: 3}
      propertyPath: m_LocalScale.y
      value: 10
      objectReference: {fileID: 0}
    - target: {fileID: 4759262865471542, guid: 5d9fc10406379d647b716fc2732fe3c8, type: 3}
      propertyPath: m_LocalScale.z
      value: 6
      objectReference: {fileID: 0}
    - target: {fileID: 4759262865471542, guid: 5d9fc10406379d647b716fc2732fe3c8, type: 3}
      propertyPath: m_LocalPosition.x
      value: 188.9
      objectReference: {fileID: 0}
    - target: {fileID: 4759262865471542, guid: 5d9fc10406379d647b716fc2732fe3c8, type: 3}
      propertyPath: m_LocalPosition.y
      value: 422.68732
      objectReference: {fileID: 0}
    - target: {fileID: 4759262865471542, guid: 5d9fc10406379d647b716fc2732fe3c8, type: 3}
      propertyPath: m_LocalPosition.z
      value: -372
      objectReference: {fileID: 0}
    - target: {fileID: 4759262865471542, guid: 5d9fc10406379d647b716fc2732fe3c8, type: 3}
      propertyPath: m_LocalRotation.w
      value: 0.7071068
      objectReference: {fileID: 0}
    - target: {fileID: 4759262865471542, guid: 5d9fc10406379d647b716fc2732fe3c8, type: 3}
      propertyPath: m_LocalRotation.x
      value: -0
      objectReference: {fileID: 0}
    - target: {fileID: 4759262865471542, guid: 5d9fc10406379d647b716fc2732fe3c8, type: 3}
      propertyPath: m_LocalRotation.y
      value: -0.7071068
      objectReference: {fileID: 0}
    - target: {fileID: 4759262865471542, guid: 5d9fc10406379d647b716fc2732fe3c8, type: 3}
      propertyPath: m_LocalRotation.z
      value: -0
      objectReference: {fileID: 0}
    - target: {fileID: 4759262865471542, guid: 5d9fc10406379d647b716fc2732fe3c8, type: 3}
      propertyPath: m_LocalEulerAnglesHint.y
      value: -90
      objectReference: {fileID: 0}
    m_RemovedComponents: []
  m_SourcePrefab: {fileID: 100100000, guid: 5d9fc10406379d647b716fc2732fe3c8, type: 3}
--- !u!4 &8476203893361378937 stripped
Transform:
  m_CorrespondingSourceObject: {fileID: 4759262865471542, guid: 5d9fc10406379d647b716fc2732fe3c8, type: 3}
  m_PrefabInstance: {fileID: 8480680579856842319}
  m_PrefabAsset: {fileID: 0}
--- !u!1001 &8997913109597941207
PrefabInstance:
  m_ObjectHideFlags: 0
  serializedVersion: 2
  m_Modification:
    m_TransformParent: {fileID: 151878721711981989}
    m_Modifications:
    - target: {fileID: 103234, guid: 33c97833d10bc794a996a71dfc54e436, type: 3}
      propertyPath: m_Name
      value: sptp_road_segment_09 (1)
      objectReference: {fileID: 0}
    - target: {fileID: 467192, guid: 33c97833d10bc794a996a71dfc54e436, type: 3}
      propertyPath: m_RootOrder
      value: 3
      objectReference: {fileID: 0}
    - target: {fileID: 467192, guid: 33c97833d10bc794a996a71dfc54e436, type: 3}
      propertyPath: m_LocalScale.x
      value: 4
      objectReference: {fileID: 0}
    - target: {fileID: 467192, guid: 33c97833d10bc794a996a71dfc54e436, type: 3}
      propertyPath: m_LocalScale.y
      value: 4
      objectReference: {fileID: 0}
    - target: {fileID: 467192, guid: 33c97833d10bc794a996a71dfc54e436, type: 3}
      propertyPath: m_LocalScale.z
      value: 4
      objectReference: {fileID: 0}
    - target: {fileID: 467192, guid: 33c97833d10bc794a996a71dfc54e436, type: 3}
      propertyPath: m_LocalPosition.x
      value: 182.86415
      objectReference: {fileID: 0}
    - target: {fileID: 467192, guid: 33c97833d10bc794a996a71dfc54e436, type: 3}
      propertyPath: m_LocalPosition.y
      value: 422.04877
      objectReference: {fileID: 0}
    - target: {fileID: 467192, guid: 33c97833d10bc794a996a71dfc54e436, type: 3}
      propertyPath: m_LocalPosition.z
      value: -415.8018
      objectReference: {fileID: 0}
    - target: {fileID: 467192, guid: 33c97833d10bc794a996a71dfc54e436, type: 3}
      propertyPath: m_LocalRotation.w
      value: 0.7071068
      objectReference: {fileID: 0}
    - target: {fileID: 467192, guid: 33c97833d10bc794a996a71dfc54e436, type: 3}
      propertyPath: m_LocalRotation.x
      value: -0
      objectReference: {fileID: 0}
    - target: {fileID: 467192, guid: 33c97833d10bc794a996a71dfc54e436, type: 3}
      propertyPath: m_LocalRotation.y
      value: -0.7071068
      objectReference: {fileID: 0}
    - target: {fileID: 467192, guid: 33c97833d10bc794a996a71dfc54e436, type: 3}
      propertyPath: m_LocalRotation.z
      value: -0
      objectReference: {fileID: 0}
    - target: {fileID: 467192, guid: 33c97833d10bc794a996a71dfc54e436, type: 3}
      propertyPath: m_LocalEulerAnglesHint.x
      value: 0
      objectReference: {fileID: 0}
    - target: {fileID: 467192, guid: 33c97833d10bc794a996a71dfc54e436, type: 3}
      propertyPath: m_LocalEulerAnglesHint.y
      value: -90
      objectReference: {fileID: 0}
    - target: {fileID: 467192, guid: 33c97833d10bc794a996a71dfc54e436, type: 3}
      propertyPath: m_LocalEulerAnglesHint.z
      value: 0
      objectReference: {fileID: 0}
    - target: {fileID: 6464784, guid: 33c97833d10bc794a996a71dfc54e436, type: 3}
      propertyPath: m_Material
      value: 
      objectReference: {fileID: 0}
    m_RemovedComponents: []
  m_SourcePrefab: {fileID: 100100000, guid: 33c97833d10bc794a996a71dfc54e436, type: 3}
--- !u!4 &8997913109598129455 stripped
Transform:
  m_CorrespondingSourceObject: {fileID: 467192, guid: 33c97833d10bc794a996a71dfc54e436, type: 3}
  m_PrefabInstance: {fileID: 8997913109597941207}
  m_PrefabAsset: {fileID: 0}
