%YAML 1.1
%TAG !u! tag:unity3d.com,2011:
--- !u!1 &1624479076513374997
GameObject:
  m_ObjectHideFlags: 0
  m_CorrespondingSourceObject: {fileID: 0}
  m_PrefabInstance: {fileID: 0}
  m_PrefabAsset: {fileID: 0}
  serializedVersion: 6
  m_Component:
  - component: {fileID: 5552345379466261497}
  - component: {fileID: -6478343105563363500}
  m_Layer: 0
  m_Name: _Short road
  m_TagString: Untagged
  m_Icon: {fileID: 0}
  m_NavMeshLayer: 0
  m_StaticEditorFlags: 0
  m_IsActive: 1
--- !u!4 &5552345379466261497
Transform:
  m_ObjectHideFlags: 0
  m_CorrespondingSourceObject: {fileID: 0}
  m_PrefabInstance: {fileID: 0}
  m_PrefabAsset: {fileID: 0}
  m_GameObject: {fileID: 1624479076513374997}
  m_LocalRotation: {x: -0, y: -0, z: -0, w: 1}
  m_LocalPosition: {x: 0, y: 0, z: 0}
  m_LocalScale: {x: 1, y: 1, z: 1}
  m_Children:
  - {fileID: 852859971114844768}
  - {fileID: 584103208008931136}
  - {fileID: 8539733563807092270}
  - {fileID: 1262165619299630666}
  - {fileID: 2217958574359909590}
  - {fileID: 4064670886198465300}
  - {fileID: 4351278947989817857}
  - {fileID: 952610203445117598}
  m_Father: {fileID: 0}
  m_RootOrder: 0
  m_LocalEulerAnglesHint: {x: 0, y: 0, z: 0}
--- !u!64 &-6478343105563363500
MeshCollider:
  m_ObjectHideFlags: 0
  m_CorrespondingSourceObject: {fileID: 0}
  m_PrefabInstance: {fileID: 0}
  m_PrefabAsset: {fileID: 0}
  m_GameObject: {fileID: 1624479076513374997}
  m_Material: {fileID: 13400000, guid: c2f8c4406746f8346b7a7ea6bb9b5df3, type: 2}
  m_IsTrigger: 0
  m_Enabled: 1
  serializedVersion: 4
  m_Convex: 0
  m_CookingOptions: 30
  m_Mesh: {fileID: 0}
--- !u!1001 &948202785784953512
PrefabInstance:
  m_ObjectHideFlags: 0
  serializedVersion: 2
  m_Modification:
    m_TransformParent: {fileID: 5552345379466261497}
    m_Modifications:
    - target: {fileID: 1674700864803382, guid: 5d9fc10406379d647b716fc2732fe3c8, type: 3}
      propertyPath: m_Name
      value: street_lamp 1 prefab (3)
      objectReference: {fileID: 0}
    - target: {fileID: 4759262865471542, guid: 5d9fc10406379d647b716fc2732fe3c8, type: 3}
      propertyPath: m_RootOrder
      value: 7
      objectReference: {fileID: 0}
    - target: {fileID: 4759262865471542, guid: 5d9fc10406379d647b716fc2732fe3c8, type: 3}
      propertyPath: m_LocalScale.x
      value: 6
      objectReference: {fileID: 0}
    - target: {fileID: 4759262865471542, guid: 5d9fc10406379d647b716fc2732fe3c8, type: 3}
      propertyPath: m_LocalScale.y
      value: 10
      objectReference: {fileID: 0}
    - target: {fileID: 4759262865471542, guid: 5d9fc10406379d647b716fc2732fe3c8, type: 3}
      propertyPath: m_LocalScale.z
      value: 6
      objectReference: {fileID: 0}
    - target: {fileID: 4759262865471542, guid: 5d9fc10406379d647b716fc2732fe3c8, type: 3}
      propertyPath: m_LocalPosition.x
      value: -20.9
      objectReference: {fileID: 0}
    - target: {fileID: 4759262865471542, guid: 5d9fc10406379d647b716fc2732fe3c8, type: 3}
      propertyPath: m_LocalPosition.y
      value: 10.630821
      objectReference: {fileID: 0}
    - target: {fileID: 4759262865471542, guid: 5d9fc10406379d647b716fc2732fe3c8, type: 3}
      propertyPath: m_LocalPosition.z
      value: 8.48213
      objectReference: {fileID: 0}
    - target: {fileID: 4759262865471542, guid: 5d9fc10406379d647b716fc2732fe3c8, type: 3}
      propertyPath: m_LocalRotation.w
      value: 0.7071068
      objectReference: {fileID: 0}
    - target: {fileID: 4759262865471542, guid: 5d9fc10406379d647b716fc2732fe3c8, type: 3}
      propertyPath: m_LocalRotation.x
      value: 0
      objectReference: {fileID: 0}
    - target: {fileID: 4759262865471542, guid: 5d9fc10406379d647b716fc2732fe3c8, type: 3}
      propertyPath: m_LocalRotation.y
      value: -0.7071068
      objectReference: {fileID: 0}
    - target: {fileID: 4759262865471542, guid: 5d9fc10406379d647b716fc2732fe3c8, type: 3}
      propertyPath: m_LocalRotation.z
      value: 0
      objectReference: {fileID: 0}
    - target: {fileID: 4759262865471542, guid: 5d9fc10406379d647b716fc2732fe3c8, type: 3}
      propertyPath: m_LocalEulerAnglesHint.x
      value: 0
      objectReference: {fileID: 0}
    - target: {fileID: 4759262865471542, guid: 5d9fc10406379d647b716fc2732fe3c8, type: 3}
      propertyPath: m_LocalEulerAnglesHint.y
      value: -90
      objectReference: {fileID: 0}
    - target: {fileID: 4759262865471542, guid: 5d9fc10406379d647b716fc2732fe3c8, type: 3}
      propertyPath: m_LocalEulerAnglesHint.z
      value: 0
      objectReference: {fileID: 0}
    m_RemovedComponents: []
  m_SourcePrefab: {fileID: 100100000, guid: 5d9fc10406379d647b716fc2732fe3c8, type: 3}
--- !u!4 &952610203445117598 stripped
Transform:
  m_CorrespondingSourceObject: {fileID: 4759262865471542, guid: 5d9fc10406379d647b716fc2732fe3c8, type: 3}
  m_PrefabInstance: {fileID: 948202785784953512}
  m_PrefabAsset: {fileID: 0}
--- !u!1001 &1075296175766783285
PrefabInstance:
  m_ObjectHideFlags: 0
  serializedVersion: 2
  m_Modification:
    m_TransformParent: {fileID: 5552345379466261497}
    m_Modifications:
    - target: {fileID: -699241498782588590, guid: fc04d9c0dff07d64c99397bd867f7f62, type: 3}
      propertyPath: m_Material
      value: 
      objectReference: {fileID: 0}
    - target: {fileID: 8626575384555658594, guid: fc04d9c0dff07d64c99397bd867f7f62, type: 3}
      propertyPath: m_Name
      value: _Main road segment (2)
      objectReference: {fileID: 0}
    - target: {fileID: 8678157493548452635, guid: fc04d9c0dff07d64c99397bd867f7f62, type: 3}
      propertyPath: m_RootOrder
      value: 2
      objectReference: {fileID: 0}
    - target: {fileID: 8678157493548452635, guid: fc04d9c0dff07d64c99397bd867f7f62, type: 3}
      propertyPath: m_LocalPosition.x
      value: 52.3938
      objectReference: {fileID: 0}
    - target: {fileID: 8678157493548452635, guid: fc04d9c0dff07d64c99397bd867f7f62, type: 3}
      propertyPath: m_LocalPosition.y
      value: -162.68443
      objectReference: {fileID: 0}
    - target: {fileID: 8678157493548452635, guid: fc04d9c0dff07d64c99397bd867f7f62, type: 3}
      propertyPath: m_LocalPosition.z
      value: 276.54523
      objectReference: {fileID: 0}
    - target: {fileID: 8678157493548452635, guid: fc04d9c0dff07d64c99397bd867f7f62, type: 3}
      propertyPath: m_LocalRotation.w
      value: 1
      objectReference: {fileID: 0}
    - target: {fileID: 8678157493548452635, guid: fc04d9c0dff07d64c99397bd867f7f62, type: 3}
      propertyPath: m_LocalRotation.x
      value: -0
      objectReference: {fileID: 0}
    - target: {fileID: 8678157493548452635, guid: fc04d9c0dff07d64c99397bd867f7f62, type: 3}
      propertyPath: m_LocalRotation.y
      value: -0
      objectReference: {fileID: 0}
    - target: {fileID: 8678157493548452635, guid: fc04d9c0dff07d64c99397bd867f7f62, type: 3}
      propertyPath: m_LocalRotation.z
      value: -0
      objectReference: {fileID: 0}
    - target: {fileID: 8678157493548452635, guid: fc04d9c0dff07d64c99397bd867f7f62, type: 3}
      propertyPath: m_LocalEulerAnglesHint.x
      value: 0
      objectReference: {fileID: 0}
    - target: {fileID: 8678157493548452635, guid: fc04d9c0dff07d64c99397bd867f7f62, type: 3}
      propertyPath: m_LocalEulerAnglesHint.y
      value: 0
      objectReference: {fileID: 0}
    - target: {fileID: 8678157493548452635, guid: fc04d9c0dff07d64c99397bd867f7f62, type: 3}
      propertyPath: m_LocalEulerAnglesHint.z
      value: 0
      objectReference: {fileID: 0}
    m_RemovedComponents: []
  m_SourcePrefab: {fileID: 100100000, guid: fc04d9c0dff07d64c99397bd867f7f62, type: 3}
--- !u!4 &8539733563807092270 stripped
Transform:
  m_CorrespondingSourceObject: {fileID: 8678157493548452635, guid: fc04d9c0dff07d64c99397bd867f7f62, type: 3}
  m_PrefabInstance: {fileID: 1075296175766783285}
  m_PrefabAsset: {fileID: 0}
--- !u!1001 &2222294506315459808
PrefabInstance:
  m_ObjectHideFlags: 0
  serializedVersion: 2
  m_Modification:
    m_TransformParent: {fileID: 5552345379466261497}
    m_Modifications:
    - target: {fileID: 1674700864803382, guid: 5d9fc10406379d647b716fc2732fe3c8, type: 3}
      propertyPath: m_Name
      value: street_lamp 1 prefab
      objectReference: {fileID: 0}
    - target: {fileID: 4759262865471542, guid: 5d9fc10406379d647b716fc2732fe3c8, type: 3}
      propertyPath: m_RootOrder
      value: 4
      objectReference: {fileID: 0}
    - target: {fileID: 4759262865471542, guid: 5d9fc10406379d647b716fc2732fe3c8, type: 3}
      propertyPath: m_LocalScale.x
      value: 6
      objectReference: {fileID: 0}
    - target: {fileID: 4759262865471542, guid: 5d9fc10406379d647b716fc2732fe3c8, type: 3}
      propertyPath: m_LocalScale.y
      value: 10
      objectReference: {fileID: 0}
    - target: {fileID: 4759262865471542, guid: 5d9fc10406379d647b716fc2732fe3c8, type: 3}
      propertyPath: m_LocalScale.z
      value: 6
      objectReference: {fileID: 0}
    - target: {fileID: 4759262865471542, guid: 5d9fc10406379d647b716fc2732fe3c8, type: 3}
      propertyPath: m_LocalPosition.x
      value: 23.515862
      objectReference: {fileID: 0}
    - target: {fileID: 4759262865471542, guid: 5d9fc10406379d647b716fc2732fe3c8, type: 3}
      propertyPath: m_LocalPosition.y
      value: 10.630821
      objectReference: {fileID: 0}
    - target: {fileID: 4759262865471542, guid: 5d9fc10406379d647b716fc2732fe3c8, type: 3}
      propertyPath: m_LocalPosition.z
      value: -96.51787
      objectReference: {fileID: 0}
    - target: {fileID: 4759262865471542, guid: 5d9fc10406379d647b716fc2732fe3c8, type: 3}
      propertyPath: m_LocalRotation.w
      value: 0.7071068
      objectReference: {fileID: 0}
    - target: {fileID: 4759262865471542, guid: 5d9fc10406379d647b716fc2732fe3c8, type: 3}
      propertyPath: m_LocalRotation.x
      value: 0
      objectReference: {fileID: 0}
    - target: {fileID: 4759262865471542, guid: 5d9fc10406379d647b716fc2732fe3c8, type: 3}
      propertyPath: m_LocalRotation.y
      value: 0.7071068
      objectReference: {fileID: 0}
    - target: {fileID: 4759262865471542, guid: 5d9fc10406379d647b716fc2732fe3c8, type: 3}
      propertyPath: m_LocalRotation.z
      value: 0
      objectReference: {fileID: 0}
    - target: {fileID: 4759262865471542, guid: 5d9fc10406379d647b716fc2732fe3c8, type: 3}
      propertyPath: m_LocalEulerAnglesHint.x
      value: 0
      objectReference: {fileID: 0}
    - target: {fileID: 4759262865471542, guid: 5d9fc10406379d647b716fc2732fe3c8, type: 3}
      propertyPath: m_LocalEulerAnglesHint.y
      value: 90
      objectReference: {fileID: 0}
    - target: {fileID: 4759262865471542, guid: 5d9fc10406379d647b716fc2732fe3c8, type: 3}
      propertyPath: m_LocalEulerAnglesHint.z
      value: 0
      objectReference: {fileID: 0}
    m_RemovedComponents: []
  m_SourcePrefab: {fileID: 100100000, guid: 5d9fc10406379d647b716fc2732fe3c8, type: 3}
--- !u!4 &2217958574359909590 stripped
Transform:
  m_CorrespondingSourceObject: {fileID: 4759262865471542, guid: 5d9fc10406379d647b716fc2732fe3c8, type: 3}
  m_PrefabInstance: {fileID: 2222294506315459808}
  m_PrefabAsset: {fileID: 0}
--- !u!1001 &4069129963725810466
PrefabInstance:
  m_ObjectHideFlags: 0
  serializedVersion: 2
  m_Modification:
    m_TransformParent: {fileID: 5552345379466261497}
    m_Modifications:
    - target: {fileID: 1674700864803382, guid: 5d9fc10406379d647b716fc2732fe3c8, type: 3}
      propertyPath: m_Name
      value: street_lamp 1 prefab (1)
      objectReference: {fileID: 0}
    - target: {fileID: 4759262865471542, guid: 5d9fc10406379d647b716fc2732fe3c8, type: 3}
      propertyPath: m_RootOrder
      value: 5
      objectReference: {fileID: 0}
    - target: {fileID: 4759262865471542, guid: 5d9fc10406379d647b716fc2732fe3c8, type: 3}
      propertyPath: m_LocalScale.x
      value: 6
      objectReference: {fileID: 0}
    - target: {fileID: 4759262865471542, guid: 5d9fc10406379d647b716fc2732fe3c8, type: 3}
      propertyPath: m_LocalScale.y
      value: 10
      objectReference: {fileID: 0}
    - target: {fileID: 4759262865471542, guid: 5d9fc10406379d647b716fc2732fe3c8, type: 3}
      propertyPath: m_LocalScale.z
      value: 6
      objectReference: {fileID: 0}
    - target: {fileID: 4759262865471542, guid: 5d9fc10406379d647b716fc2732fe3c8, type: 3}
      propertyPath: m_LocalPosition.x
      value: 23.5
      objectReference: {fileID: 0}
    - target: {fileID: 4759262865471542, guid: 5d9fc10406379d647b716fc2732fe3c8, type: 3}
      propertyPath: m_LocalPosition.y
      value: 10.630821
      objectReference: {fileID: 0}
    - target: {fileID: 4759262865471542, guid: 5d9fc10406379d647b716fc2732fe3c8, type: 3}
      propertyPath: m_LocalPosition.z
      value: -26.51787
      objectReference: {fileID: 0}
    - target: {fileID: 4759262865471542, guid: 5d9fc10406379d647b716fc2732fe3c8, type: 3}
      propertyPath: m_LocalRotation.w
      value: 0.7071068
      objectReference: {fileID: 0}
    - target: {fileID: 4759262865471542, guid: 5d9fc10406379d647b716fc2732fe3c8, type: 3}
      propertyPath: m_LocalRotation.x
      value: 0
      objectReference: {fileID: 0}
    - target: {fileID: 4759262865471542, guid: 5d9fc10406379d647b716fc2732fe3c8, type: 3}
      propertyPath: m_LocalRotation.y
      value: 0.7071068
      objectReference: {fileID: 0}
    - target: {fileID: 4759262865471542, guid: 5d9fc10406379d647b716fc2732fe3c8, type: 3}
      propertyPath: m_LocalRotation.z
      value: 0
      objectReference: {fileID: 0}
    - target: {fileID: 4759262865471542, guid: 5d9fc10406379d647b716fc2732fe3c8, type: 3}
      propertyPath: m_LocalEulerAnglesHint.x
      value: 0
      objectReference: {fileID: 0}
    - target: {fileID: 4759262865471542, guid: 5d9fc10406379d647b716fc2732fe3c8, type: 3}
      propertyPath: m_LocalEulerAnglesHint.y
      value: 90
      objectReference: {fileID: 0}
    - target: {fileID: 4759262865471542, guid: 5d9fc10406379d647b716fc2732fe3c8, type: 3}
      propertyPath: m_LocalEulerAnglesHint.z
      value: 0
      objectReference: {fileID: 0}
    m_RemovedComponents: []
  m_SourcePrefab: {fileID: 100100000, guid: 5d9fc10406379d647b716fc2732fe3c8, type: 3}
--- !u!4 &4064670886198465300 stripped
Transform:
  m_CorrespondingSourceObject: {fileID: 4759262865471542, guid: 5d9fc10406379d647b716fc2732fe3c8, type: 3}
  m_PrefabInstance: {fileID: 4069129963725810466}
  m_PrefabAsset: {fileID: 0}
--- !u!1001 &4355598353185944119
PrefabInstance:
  m_ObjectHideFlags: 0
  serializedVersion: 2
  m_Modification:
    m_TransformParent: {fileID: 5552345379466261497}
    m_Modifications:
    - target: {fileID: 1674700864803382, guid: 5d9fc10406379d647b716fc2732fe3c8, type: 3}
      propertyPath: m_Name
      value: street_lamp 1 prefab (2)
      objectReference: {fileID: 0}
    - target: {fileID: 4759262865471542, guid: 5d9fc10406379d647b716fc2732fe3c8, type: 3}
      propertyPath: m_RootOrder
      value: 6
      objectReference: {fileID: 0}
    - target: {fileID: 4759262865471542, guid: 5d9fc10406379d647b716fc2732fe3c8, type: 3}
      propertyPath: m_LocalScale.x
      value: 6
      objectReference: {fileID: 0}
    - target: {fileID: 4759262865471542, guid: 5d9fc10406379d647b716fc2732fe3c8, type: 3}
      propertyPath: m_LocalScale.y
      value: 10
      objectReference: {fileID: 0}
    - target: {fileID: 4759262865471542, guid: 5d9fc10406379d647b716fc2732fe3c8, type: 3}
      propertyPath: m_LocalScale.z
      value: 6
      objectReference: {fileID: 0}
    - target: {fileID: 4759262865471542, guid: 5d9fc10406379d647b716fc2732fe3c8, type: 3}
      propertyPath: m_LocalPosition.x
      value: -20.9
      objectReference: {fileID: 0}
    - target: {fileID: 4759262865471542, guid: 5d9fc10406379d647b716fc2732fe3c8, type: 3}
      propertyPath: m_LocalPosition.y
      value: 10.630821
      objectReference: {fileID: 0}
    - target: {fileID: 4759262865471542, guid: 5d9fc10406379d647b716fc2732fe3c8, type: 3}
      propertyPath: m_LocalPosition.z
      value: -61.51787
      objectReference: {fileID: 0}
    - target: {fileID: 4759262865471542, guid: 5d9fc10406379d647b716fc2732fe3c8, type: 3}
      propertyPath: m_LocalRotation.w
      value: 0.7071068
      objectReference: {fileID: 0}
    - target: {fileID: 4759262865471542, guid: 5d9fc10406379d647b716fc2732fe3c8, type: 3}
      propertyPath: m_LocalRotation.x
      value: 0
      objectReference: {fileID: 0}
    - target: {fileID: 4759262865471542, guid: 5d9fc10406379d647b716fc2732fe3c8, type: 3}
      propertyPath: m_LocalRotation.y
      value: -0.7071068
      objectReference: {fileID: 0}
    - target: {fileID: 4759262865471542, guid: 5d9fc10406379d647b716fc2732fe3c8, type: 3}
      propertyPath: m_LocalRotation.z
      value: 0
      objectReference: {fileID: 0}
    - target: {fileID: 4759262865471542, guid: 5d9fc10406379d647b716fc2732fe3c8, type: 3}
      propertyPath: m_LocalEulerAnglesHint.x
      value: 0
      objectReference: {fileID: 0}
    - target: {fileID: 4759262865471542, guid: 5d9fc10406379d647b716fc2732fe3c8, type: 3}
      propertyPath: m_LocalEulerAnglesHint.y
      value: -90
      objectReference: {fileID: 0}
    - target: {fileID: 4759262865471542, guid: 5d9fc10406379d647b716fc2732fe3c8, type: 3}
      propertyPath: m_LocalEulerAnglesHint.z
      value: 0
      objectReference: {fileID: 0}
    m_RemovedComponents: []
  m_SourcePrefab: {fileID: 100100000, guid: 5d9fc10406379d647b716fc2732fe3c8, type: 3}
--- !u!4 &4351278947989817857 stripped
Transform:
  m_CorrespondingSourceObject: {fileID: 4759262865471542, guid: 5d9fc10406379d647b716fc2732fe3c8, type: 3}
  m_PrefabInstance: {fileID: 4355598353185944119}
  m_PrefabAsset: {fileID: 0}
--- !u!1001 &7632227749700646225
PrefabInstance:
  m_ObjectHideFlags: 0
  serializedVersion: 2
  m_Modification:
    m_TransformParent: {fileID: 5552345379466261497}
    m_Modifications:
    - target: {fileID: -699241498782588590, guid: fc04d9c0dff07d64c99397bd867f7f62, type: 3}
      propertyPath: m_Material
      value: 
      objectReference: {fileID: 0}
    - target: {fileID: 8626575384555658594, guid: fc04d9c0dff07d64c99397bd867f7f62, type: 3}
      propertyPath: m_Name
      value: _Main road segment (3)
      objectReference: {fileID: 0}
    - target: {fileID: 8678157493548452635, guid: fc04d9c0dff07d64c99397bd867f7f62, type: 3}
      propertyPath: m_RootOrder
      value: 3
      objectReference: {fileID: 0}
    - target: {fileID: 8678157493548452635, guid: fc04d9c0dff07d64c99397bd867f7f62, type: 3}
      propertyPath: m_LocalPosition.x
      value: 52.3938
      objectReference: {fileID: 0}
    - target: {fileID: 8678157493548452635, guid: fc04d9c0dff07d64c99397bd867f7f62, type: 3}
      propertyPath: m_LocalPosition.y
      value: -162.68443
      objectReference: {fileID: 0}
    - target: {fileID: 8678157493548452635, guid: fc04d9c0dff07d64c99397bd867f7f62, type: 3}
      propertyPath: m_LocalPosition.z
      value: 311.54523
      objectReference: {fileID: 0}
    - target: {fileID: 8678157493548452635, guid: fc04d9c0dff07d64c99397bd867f7f62, type: 3}
      propertyPath: m_LocalRotation.w
      value: 1
      objectReference: {fileID: 0}
    - target: {fileID: 8678157493548452635, guid: fc04d9c0dff07d64c99397bd867f7f62, type: 3}
      propertyPath: m_LocalRotation.x
      value: -0
      objectReference: {fileID: 0}
    - target: {fileID: 8678157493548452635, guid: fc04d9c0dff07d64c99397bd867f7f62, type: 3}
      propertyPath: m_LocalRotation.y
      value: -0
      objectReference: {fileID: 0}
    - target: {fileID: 8678157493548452635, guid: fc04d9c0dff07d64c99397bd867f7f62, type: 3}
      propertyPath: m_LocalRotation.z
      value: -0
      objectReference: {fileID: 0}
    - target: {fileID: 8678157493548452635, guid: fc04d9c0dff07d64c99397bd867f7f62, type: 3}
      propertyPath: m_LocalEulerAnglesHint.x
      value: 0
      objectReference: {fileID: 0}
    - target: {fileID: 8678157493548452635, guid: fc04d9c0dff07d64c99397bd867f7f62, type: 3}
      propertyPath: m_LocalEulerAnglesHint.y
      value: 0
      objectReference: {fileID: 0}
    - target: {fileID: 8678157493548452635, guid: fc04d9c0dff07d64c99397bd867f7f62, type: 3}
      propertyPath: m_LocalEulerAnglesHint.z
      value: 0
      objectReference: {fileID: 0}
    m_RemovedComponents: []
  m_SourcePrefab: {fileID: 100100000, guid: fc04d9c0dff07d64c99397bd867f7f62, type: 3}
--- !u!4 &1262165619299630666 stripped
Transform:
  m_CorrespondingSourceObject: {fileID: 8678157493548452635, guid: fc04d9c0dff07d64c99397bd867f7f62, type: 3}
  m_PrefabInstance: {fileID: 7632227749700646225}
  m_PrefabAsset: {fileID: 0}
--- !u!1001 &8103141792092806235
PrefabInstance:
  m_ObjectHideFlags: 0
  serializedVersion: 2
  m_Modification:
    m_TransformParent: {fileID: 5552345379466261497}
    m_Modifications:
    - target: {fileID: -699241498782588590, guid: fc04d9c0dff07d64c99397bd867f7f62, type: 3}
      propertyPath: m_Material
      value: 
      objectReference: {fileID: 0}
    - target: {fileID: 8626575384555658594, guid: fc04d9c0dff07d64c99397bd867f7f62, type: 3}
      propertyPath: m_Name
      value: _Main road segment (1)
      objectReference: {fileID: 0}
    - target: {fileID: 8678157493548452635, guid: fc04d9c0dff07d64c99397bd867f7f62, type: 3}
      propertyPath: m_RootOrder
      value: 1
      objectReference: {fileID: 0}
    - target: {fileID: 8678157493548452635, guid: fc04d9c0dff07d64c99397bd867f7f62, type: 3}
      propertyPath: m_LocalPosition.x
      value: 52.3938
      objectReference: {fileID: 0}
    - target: {fileID: 8678157493548452635, guid: fc04d9c0dff07d64c99397bd867f7f62, type: 3}
      propertyPath: m_LocalPosition.y
      value: -162.68443
      objectReference: {fileID: 0}
    - target: {fileID: 8678157493548452635, guid: fc04d9c0dff07d64c99397bd867f7f62, type: 3}
      propertyPath: m_LocalPosition.z
      value: 241.54521
      objectReference: {fileID: 0}
    - target: {fileID: 8678157493548452635, guid: fc04d9c0dff07d64c99397bd867f7f62, type: 3}
      propertyPath: m_LocalRotation.w
      value: 1
      objectReference: {fileID: 0}
    - target: {fileID: 8678157493548452635, guid: fc04d9c0dff07d64c99397bd867f7f62, type: 3}
      propertyPath: m_LocalRotation.x
      value: -0
      objectReference: {fileID: 0}
    - target: {fileID: 8678157493548452635, guid: fc04d9c0dff07d64c99397bd867f7f62, type: 3}
      propertyPath: m_LocalRotation.y
      value: -0
      objectReference: {fileID: 0}
    - target: {fileID: 8678157493548452635, guid: fc04d9c0dff07d64c99397bd867f7f62, type: 3}
      propertyPath: m_LocalRotation.z
      value: -0
      objectReference: {fileID: 0}
    - target: {fileID: 8678157493548452635, guid: fc04d9c0dff07d64c99397bd867f7f62, type: 3}
      propertyPath: m_LocalEulerAnglesHint.x
      value: 0
      objectReference: {fileID: 0}
    - target: {fileID: 8678157493548452635, guid: fc04d9c0dff07d64c99397bd867f7f62, type: 3}
      propertyPath: m_LocalEulerAnglesHint.y
      value: 0
      objectReference: {fileID: 0}
    - target: {fileID: 8678157493548452635, guid: fc04d9c0dff07d64c99397bd867f7f62, type: 3}
      propertyPath: m_LocalEulerAnglesHint.z
      value: 0
      objectReference: {fileID: 0}
    m_RemovedComponents: []
  m_SourcePrefab: {fileID: 100100000, guid: fc04d9c0dff07d64c99397bd867f7f62, type: 3}
--- !u!4 &584103208008931136 stripped
Transform:
  m_CorrespondingSourceObject: {fileID: 8678157493548452635, guid: fc04d9c0dff07d64c99397bd867f7f62, type: 3}
  m_PrefabInstance: {fileID: 8103141792092806235}
  m_PrefabAsset: {fileID: 0}
--- !u!1001 &8339248015179696507
PrefabInstance:
  m_ObjectHideFlags: 0
  serializedVersion: 2
  m_Modification:
    m_TransformParent: {fileID: 5552345379466261497}
    m_Modifications:
    - target: {fileID: -699241498782588590, guid: fc04d9c0dff07d64c99397bd867f7f62, type: 3}
      propertyPath: m_Material
      value: 
      objectReference: {fileID: 0}
    - target: {fileID: 8626575384555658594, guid: fc04d9c0dff07d64c99397bd867f7f62, type: 3}
      propertyPath: m_Name
      value: _Main road segment
      objectReference: {fileID: 0}
    - target: {fileID: 8678157493548452635, guid: fc04d9c0dff07d64c99397bd867f7f62, type: 3}
      propertyPath: m_RootOrder
      value: 0
      objectReference: {fileID: 0}
    - target: {fileID: 8678157493548452635, guid: fc04d9c0dff07d64c99397bd867f7f62, type: 3}
      propertyPath: m_LocalPosition.x
      value: 52.3938
      objectReference: {fileID: 0}
    - target: {fileID: 8678157493548452635, guid: fc04d9c0dff07d64c99397bd867f7f62, type: 3}
      propertyPath: m_LocalPosition.y
      value: -162.68443
      objectReference: {fileID: 0}
    - target: {fileID: 8678157493548452635, guid: fc04d9c0dff07d64c99397bd867f7f62, type: 3}
      propertyPath: m_LocalPosition.z
      value: 206.54524
      objectReference: {fileID: 0}
    - target: {fileID: 8678157493548452635, guid: fc04d9c0dff07d64c99397bd867f7f62, type: 3}
      propertyPath: m_LocalRotation.w
      value: 1
      objectReference: {fileID: 0}
    - target: {fileID: 8678157493548452635, guid: fc04d9c0dff07d64c99397bd867f7f62, type: 3}
      propertyPath: m_LocalRotation.x
      value: -0
      objectReference: {fileID: 0}
    - target: {fileID: 8678157493548452635, guid: fc04d9c0dff07d64c99397bd867f7f62, type: 3}
      propertyPath: m_LocalRotation.y
      value: -0
      objectReference: {fileID: 0}
    - target: {fileID: 8678157493548452635, guid: fc04d9c0dff07d64c99397bd867f7f62, type: 3}
      propertyPath: m_LocalRotation.z
      value: -0
      objectReference: {fileID: 0}
    - target: {fileID: 8678157493548452635, guid: fc04d9c0dff07d64c99397bd867f7f62, type: 3}
      propertyPath: m_LocalEulerAnglesHint.x
      value: 0
      objectReference: {fileID: 0}
    - target: {fileID: 8678157493548452635, guid: fc04d9c0dff07d64c99397bd867f7f62, type: 3}
      propertyPath: m_LocalEulerAnglesHint.y
      value: 0
      objectReference: {fileID: 0}
    - target: {fileID: 8678157493548452635, guid: fc04d9c0dff07d64c99397bd867f7f62, type: 3}
      propertyPath: m_LocalEulerAnglesHint.z
      value: 0
      objectReference: {fileID: 0}
    m_RemovedComponents: []
  m_SourcePrefab: {fileID: 100100000, guid: fc04d9c0dff07d64c99397bd867f7f62, type: 3}
--- !u!4 &852859971114844768 stripped
Transform:
  m_CorrespondingSourceObject: {fileID: 8678157493548452635, guid: fc04d9c0dff07d64c99397bd867f7f62, type: 3}
  m_PrefabInstance: {fileID: 8339248015179696507}
  m_PrefabAsset: {fileID: 0}
